<record><leader>00000cas a22000007a 4500</leader><controlfield tag="001">28438135</controlfield><controlfield tag="008">930712d19091909nmudr ne      0    0eng d</controlfield><datafield ind1=" " ind2=" " tag="010"><subfield code="a">sn 93061536 </subfield></datafield><datafield ind1=" " ind2=" " tag="040"><subfield code="a">NVM</subfield><subfield code="b">eng</subfield><subfield code="c">NVM</subfield><subfield code="d">OCLCQ</subfield></datafield><datafield ind1=" " ind2=" " tag="042"><subfield code="a">msc</subfield></datafield><datafield ind1=" " ind2=" " tag="043"><subfield code="a">n-us-nm</subfield></datafield><datafield ind1="0" ind2="0" tag="245"><subfield code="a">Clayton evening citizen.</subfield></datafield><datafield ind1=" " ind2=" " tag="260"><subfield code="a">Clayton, Union County, N.M. :</subfield><subfield code="b">Citizen Pub. Co.</subfield></datafield><datafield ind1=" " ind2=" " tag="300"><subfield code="a">v.</subfield></datafield><datafield ind1=" " ind2=" " tag="310"><subfield code="a">Daily</subfield></datafield><datafield ind1="0" ind2=" " tag="362"><subfield code="a">Vol. 1, no. 1 (Sept. 20, 1909)-v. 1, no. 4 (Sept. 23, 1909).</subfield></datafield><datafield ind1=" " ind2=" " tag="530"><subfield code="a">Also on microfilm: Clayton, N.M. : Union County Courthouse.</subfield></datafield><datafield ind1=" " ind2=" " tag="580"><subfield code="a">Published daily during the 1909 Union County Fair as a companion to the Clayton citizen (weekly).</subfield></datafield><datafield ind1=" " ind2="4" tag="651"><subfield code="a">Clayton (N.M.)</subfield><subfield code="v">Newspapers.</subfield></datafield><datafield ind1=" " ind2="4" tag="651"><subfield code="a">Union County (N.M.)</subfield><subfield code="v">Newspapers.</subfield></datafield><datafield ind1=" " ind2=" " tag="752"><subfield code="a">United States</subfield><subfield code="b">New Mexico</subfield><subfield code="c">Union</subfield><subfield code="d">Clayton.</subfield></datafield><datafield ind1="1" ind2=" " tag="775"><subfield code="a">Clayton citizen (Clayton, N.M.)</subfield><subfield code="w">(DLC)sn 93061569</subfield></datafield><datafield ind1="1" ind2=" " tag="029"><subfield code="a">AU@</subfield><subfield code="b">000025868944</subfield></datafield></record>